@phdthesis{tildeDMCS,
  title={Algorithmic and structural problems in digraphs},
  author={Christiansen, Tilde My},
  year={2018}
}

@article{bangJGT77,
  title={Arc-Disjoint Paths in Decomposable Digraphs},
  author={Bang-Jensen, J{\o}rgen and Maddaloni, Alessandro},
  journal={Journal of Graph Theory},
  volume={77},
  number={2},
  pages={89--110},
  year={2014},
  publisher={Wiley Online Library}
}

@article{bangJCT102,
  title={Decomposing locally semicomplete digraphs into strong spanning subdigraphs},
  author={Bang-Jensen, J{\o}rgen and Huang, Jing},
  journal={Journal of Combinatorial Theory, Series B},
  volume={102},
  number={3},
  pages={701--714},
  year={2012},
  publisher={Elsevier}
}

@article{bangJGT85,
  title={Disjoint paths in decomposable digraphs},
  author={Bang-Jensen, J{\o}rgen and Christiansen, Tilde My and Maddaloni, Alessandro},
  journal={Journal of Graph Theory},
  volume={85},
  number={2},
  pages={545--567},
  year={2017},
  publisher={Wiley Online Library}
}

@article{bangJGT2,
  title={Quasi-transitive digraphs},
  author={Bang-Jensen, J{\o}rgen and Huang, Jing},
  journal={Journal of Graph Theory},
  volume={20},
  number={2},
  pages={141--161},
  year={1995},
  publisher={Wiley Online Library}
}

@article{bangDM196,
  title={Linkages in locally semicomplete digraphs and quasi-transitive digraphs},
  author={Bang-Jensen, J{\o}rgen},
  journal={Discrete mathematics},
  volume={196},
  number={1-3},
  pages={13--27},
  year={1999},
  publisher={Elsevier}
}

@book{banggutin,
  title={Digraphs: theory, algorithms and applications},
  author={Bang-Jensen, J{\o}rgen and Gutin, Gregory Z},
  year={2008},
  publisher={Springer Science \& Business Media}
}